@misc{quora:collaborative-sales,
	AUTHOR = {Matt Marshall},
	TITLE = {Aggregate Knowledge raises 5M from Kleiner, on a roll},
	howpublished = {\url{http://venturebeat.com/2006/12/10/aggregate-knowledge-raises-5m-from-kleiner-on-a-roll}},

	}
@misc{netflix-prize,
	AUTHOR = {Simon Funk},
	TITLE = {Netflix Update: Try This at Home},
	howpublished = {\url{http://sifter.org/~simon/journal/20061211.html}},

	}
@misc{cosine-similarity,
	AUTHOR = {Wikipedia Common foundation},
	TITLE = {Cosine Similarity},
	howpublished = {\url{https://en.wikipedia.org/wiki/Cosine_similarity}},

	}
@misc{mahout,
	AUTHOR = {Apache Mahout},
	TITLE = {Introduction to Matrix Factorization for Recommendation Mining},
	howpublished = {\url{https://mahout.apache.org/users/recommender/matrix-factorization.html}},

	}
@misc{skytree,
	AUTHOR = {Skytree},
	TITLE = {Why do Machine Learning on Big Data?},
	howpublished = {\url{http://www.skytree.net/machine-learning/why-do-machine-learning-big-data/}},

	}
@misc{mymedialite,
	AUTHOR = {Mymedialite},
	TITLE = {MyMediaLite: Example Experiments},
	howpublished = {\url{http://mymedialite.net/examples/datasets.html}},

	}

@misc{stack,
	AUTHOR = {Stackoverflow},
	TITLE = {How many threads can a Java VM support?},
	howpublished = {\url{http://stackoverflow.com/questions/763579/how-many-threads-can-a-java-vm-support}},

	}
@INPROCEEDINGS{survery-cf,
	AUTHOR = "Xiaoyuan Su and Taghi M. Khoshgoftaar",
	TITLE = "A Survey of Collaborative Filtering Techniques",
	ORGANIZATION = "Department of Computer Science and Engineering, Florida Atlantic University, 777 Glades Road, Boca Raton, FL 33431, USA",
	JOURNAL = {Jun Hong},
	PAGES = {19},
	MONTH = "August",
	YEAR = {2009}	}

@ARTICLE{recommender,
	AUTHOR = "Christopher R. Aberger",
	TITLE = "Recommender: An Analysis of Collaborative Filtering Techniques",
	}
@ARTICLE{gemulla,
	AUTHOR = "Rainer Gemulla, Erik Nijkamp, Peter J. Haas and Yannis Sismanis",
	TITLE = "Large-Scale Matrix Factorization with Distributed Stochastic Gradient Descent",
	JOURNAL = {KDD 11 Proceedings of the 17th ACM SIGKDD international conference on Knowledge discovery and data mining},
	YEAR = {2011}
	}

@BOOK{Lamport:LaTeX,
	AUTHOR = "Leslie Lamport",
	TITLE = "LaTeX User's Guide and Document Reference Manual",
	PUBLISHER = "Addison-Wesley Publishing Company",
	ADDRESS = "Reading, Massachusetts",
	YEAR = "1986"	}

@BOOK{salas:calculus,
	AUTHOR = "S.L. Salas and Einar Hille",
	TITLE = "Calculus: One and Several Variable",
	PUBLISHER = "John Wiley and Sons",
	ADDRESS = "New York",
	YEAR = "1978"	}
